<?xml version="1.0" encoding="UTF-8"?><collection xmlns="http://www.loc.gov/MARC21/slim"><record><leader>00376nam--2200133-i-4500</leader><controlfield tag="001">000037212</controlfield><controlfield tag="002">20161230</controlfield><controlfield tag="005">20161230201041</controlfield><controlfield tag="008">060222s1000------------r-----000-0-eng-d</controlfield><datafield ind1=" " ind2=" " tag="080"><subfield code="a">541.64:678</subfield></datafield><datafield ind1=" " ind2=" " tag="245"><subfield code="a">Progrese in domeniul compusilor macromoleculari</subfield></datafield><datafield ind1=" " ind2=" " tag="260"><subfield code="a">Bucuresti, Inst.De Studii Rom.Sov.,1959. 246 P</subfield></datafield><datafield ind1=" " ind2=" " tag="490"><subfield code="a">Bibl.Analelor Rom.Sov.Seria Tehnica</subfield></datafield><datafield ind1=" " ind2=" " tag="852"><subfield code="a">6852</subfield></datafield></record></collection>